<record><leader>00000cas a2200000 a 4500</leader><controlfield tag="001">29654337</controlfield><controlfield tag="007">hd afb---buuu</controlfield><controlfield tag="007">hd bfb---buuu</controlfield><controlfield tag="008">940120d190519uuwauwr nea     0   a0eng c</controlfield><datafield ind1=" " ind2=" " tag="010"><subfield code="a">  2011252753</subfield></datafield><datafield ind1=" " ind2=" " tag="040"><subfield code="a">NTE</subfield><subfield code="b">eng</subfield><subfield code="c">NTE</subfield><subfield code="d">OCLCQ</subfield><subfield code="d">WAU</subfield><subfield code="d">OCLCF</subfield></datafield><datafield ind1=" " ind2=" " tag="042"><subfield code="a">pcc</subfield></datafield><datafield ind1=" " ind2=" " tag="043"><subfield code="a">n-us-wa</subfield></datafield><datafield ind1="0" ind2="4" tag="082"><subfield code="a">071.9728</subfield><subfield code="2">19</subfield></datafield><datafield ind1="0" ind2="4" tag="245"><subfield code="a">The Oroville weekly gazette</subfield><subfield code="h">[microform].</subfield></datafield><datafield ind1=" " ind2=" " tag="260"><subfield code="a">Oroville, Wash. :</subfield><subfield code="b">F.J. Fine</subfield></datafield><datafield ind1=" " ind2=" " tag="300"><subfield code="a">v.</subfield></datafield><datafield ind1=" " ind2=" " tag="310"><subfield code="a">Weekly (Fridays)</subfield></datafield><datafield ind1="1" ind2=" " tag="362"><subfield code="a">Began in June 1905.</subfield><subfield code="z">Cf. Newspapers in microform : United States, 1973-1977.</subfield></datafield><datafield ind1=" " ind2=" " tag="533"><subfield code="a">Microfilm.</subfield><subfield code="b">[Seattle, Wash.] :</subfield><subfield code="c">University of Washington Library.</subfield><subfield code="e">5 microfilm reels ; 35 mm.</subfield></datafield><datafield ind1=" " ind2=" " tag="588"><subfield code="a">Description based on: 4th year, no. 3 (Jan. 1, 1909); title from masthead.</subfield></datafield><datafield ind1=" " ind2=" " tag="588"><subfield code="a">Latest issue consulted: 10th year, no. 28 (Dec. 22, 1911).</subfield></datafield><datafield ind1=" " ind2="0" tag="651"><subfield code="a">Oroville (Wash.)</subfield><subfield code="v">Newspapers.</subfield></datafield><datafield ind1=" " ind2="7" tag="655"><subfield code="a">Newspapers.</subfield><subfield code="2">fast</subfield><subfield code="0">(OCoLC)fst01423814</subfield></datafield><datafield ind1=" " ind2="7" tag="651"><subfield code="a">Washington (State)</subfield><subfield code="z">Oroville.</subfield><subfield code="2">fast</subfield><subfield code="0">(OCoLC)fst01874581</subfield></datafield><datafield ind1=" " ind2=" " tag="752"><subfield code="a">United States</subfield><subfield code="b">Washington</subfield><subfield code="c">Okanogan</subfield><subfield code="d">Oroville.</subfield></datafield><datafield ind1="1" ind2=" " tag="776"><subfield code="c">Original</subfield><subfield code="w">(DLC)sn 88085101</subfield><subfield code="w">(OCoLC)17320055</subfield></datafield><datafield ind1="0" ind2="0" tag="785"><subfield code="t">Oroville gazette</subfield></datafield></record>